@article{DBLP:journals/corr/CelisDKV16,
  author    = {L. Elisa Celis and
               Amit Deshpande and
               Tarun Kathuria and
               Nisheeth K. Vishnoi},
  title     = {How to be Fair and Diverse?},
  journal   = {CoRR},
  volume    = {abs/1610.07183},
  year      = {2016},
  url       = {http://arxiv.org/abs/1610.07183},
  archivePrefix = {arXiv},
  eprint    = {1610.07183},
  timestamp = {Mon, 13 Aug 2018 16:48:27 +0200},
  biburl    = {https://dblp.org/rec/journals/corr/CelisDKV16.bib},
  bibsource = {dblp computer science bibliography, https://dblp.org}
}

@article{fukuchi2019faking,
  title={Faking Fairness via Stealthily Biased Sampling},
  author={Fukuchi, Kazuto and Hara, Satoshi and Maehara, Takanori},
  journal={arXiv preprint arXiv:1901.08291},
  year={2019}
}

@article{JMLR:v18:16-365,
	author  = {Guillaume  Lema{{\^i}}tre and Fernando Nogueira and Christos K. Aridas},
	title   = {Imbalanced-learn: A Python Toolbox to Tackle the Curse of Imbalanced Datasets in Machine Learning},
	journal = {Journal of Machine Learning Research},
	year    = {2017},
	volume  = {18},
	number  = {17},
	pages   = {1-5},
	url     = {http://jmlr.org/papers/v18/16-365}
}